@misc{rudin2018stop,
    title={Stop Explaining Black Box Machine Learning Models for High Stakes Decisions and Use Interpretable Models Instead},
    author={Cynthia Rudin},
    year={2018},
    eprint={1811.10154},
    archivePrefix={arXiv},
    primaryClass={stat.ML}
}

@misc{klambauer2017selfnormalizing,
    title={Self-Normalizing Neural Networks},
    author={GÃ¼nter Klambauer and Thomas Unterthiner and Andreas Mayr and Sepp Hochreiter},
    year={2017},
    eprint={1706.02515},
    archivePrefix={arXiv},
    primaryClass={cs.LG}
}

@misc{schaaf2019enhancing,
    title={Enhancing Decision Tree based Interpretation of Deep Neural Networks through L1-Orthogonal Regularization},
    author={Nina Schaaf and Marco F. Huber and Johannes Maucher},
    year={2019},
    eprint={1904.05394},
    archivePrefix={arXiv},
    primaryClass={cs.LG}
}